<record><leader>00000cas a2200000 a 4500</leader><controlfield tag="001">14576022</controlfield><controlfield tag="008">861030c19819999inumr ne      0   a0eng d</controlfield><datafield ind1=" " ind2=" " tag="010"><subfield code="a">sn 87056464 </subfield></datafield><datafield ind1=" " ind2=" " tag="040"><subfield code="a">ISL</subfield><subfield code="b">eng</subfield><subfield code="c">ISL</subfield><subfield code="d">NPI</subfield><subfield code="d">OCL</subfield><subfield code="d">OCLCQ</subfield><subfield code="d">OCLCF</subfield><subfield code="d">OCLCO</subfield></datafield><datafield ind1=" " ind2=" " tag="042"><subfield code="a">msc</subfield></datafield><datafield ind1=" " ind2=" " tag="043"><subfield code="a">n-us-in</subfield></datafield><datafield ind1="0" ind2="0" tag="245"><subfield code="a">Mapleton Fall Creek gazette.</subfield></datafield><datafield ind1=" " ind2=" " tag="260"><subfield code="a">Indianapolis, IN :</subfield><subfield code="b">Mapleton-Fall Creek Neighborhood Association,</subfield><subfield code="c">1981-</subfield></datafield><datafield ind1=" " ind2=" " tag="300"><subfield code="a">v. :</subfield><subfield code="b">ill. ;</subfield><subfield code="c">28-44 cm.</subfield></datafield><datafield ind1=" " ind2=" " tag="310"><subfield code="a">Monthly</subfield></datafield><datafield ind1="0" ind2=" " tag="362"><subfield code="a">Nov. 2, 1981-</subfield></datafield><datafield ind1=" " ind2=" " tag="515"><subfield code="a">Began numbering with v. 1, no. 5, Mar. 1982; v. 2, no. 8 lacks date, but constitutes June 1983.</subfield></datafield><datafield ind1=" " ind2="0" tag="651"><subfield code="a">Indianapolis (Ind.)</subfield><subfield code="v">Periodicals.</subfield></datafield><datafield ind1=" " ind2="0" tag="650"><subfield code="a">Citizens' associations</subfield><subfield code="z">Indiana</subfield><subfield code="z">Indianapolis</subfield><subfield code="v">Periodicals.</subfield></datafield><datafield ind1=" " ind2="7" tag="655"><subfield code="a">Periodicals.</subfield><subfield code="2">fast</subfield><subfield code="0">(OCoLC)fst01411641</subfield></datafield><datafield ind1=" " ind2="7" tag="650"><subfield code="a">Citizens' associations.</subfield><subfield code="2">fast</subfield><subfield code="0">(OCoLC)fst00861906</subfield></datafield><datafield ind1=" " ind2="7" tag="651"><subfield code="a">Indiana</subfield><subfield code="z">Indianapolis.</subfield><subfield code="2">fast</subfield><subfield code="0">(OCoLC)fst01205182</subfield></datafield><datafield ind1="2" ind2=" " tag="710"><subfield code="a">Mapleton-Fall Creek Neighborhood Association (Indianapolis, Ind.)</subfield></datafield><datafield ind1=" " ind2=" " tag="752"><subfield code="a">United States</subfield><subfield code="b">Indiana</subfield><subfield code="c">Marion</subfield><subfield code="d">Indianapolis.</subfield></datafield></record>